@unpublished{freiburg,
	author = "Erik Berger and Heni Ben Amor",
	title = "Advanced Kinect controller for humanized robots",
	note = "Student project similar to our project",
	url = "http://naoforge.net/naovideoblog/2011/04/28/advanced-kinect-controller-humanoid-robots/"
}
	
@unpublished{veltrop,
	author = "Taylor Veltrop",
	title = "Humanoid navigation teleoperation using Nao and Kinect",
	note = "Freelancer working with the Aldebaran Nao and Kinect",
	url = "See http://taylor.veltrop.com/robotics.php"
}

@techreport{euler,
	author = "Gregory G. Slabaugh",
	title = "Computing Euler angles from a rotation matrix",
	month = "August",
    day =	20, 
	year = 1999,
	howpublished = "Georgia Institute of Technology",
	_url = {http://www.soi.city.ac.uk/~sbbh653/publications.html},
	url = {http://www.gregslabaugh.name/publications/euler.pdf},
}

@inproceedings{Koenig2010i,
author = "Nathan Koenig and Leila Takayama and Maja J. Matari\'{c}",
title = "Learning from Demonstration: Communication and Policy Generation",
booktitle = " 12th International Symposium on Experimental Robotics, 2010",
month = "Dec",
year = "2010",
url = "http://cres.usc.edu/cgi-bin/print_pub_details.pl?pubid=700",
note = {The accepted paper is called 'Learning from Demonstration: A Study of Visual and Auditory Communication and Influence Diagrams'},
}
	
@book{Woodson1992,
title = {Human Factors Design Handbook},
edition = {2nd}, 
author = {Wesley E. Woodson and Barry Tillman and Peggy Tillman},
publisher = {McGraw Hill},
year = 1992,
}

@inproceedings{VanErp2006,
  title = {Tele-presence: Bringing the Operator Back in the Loop},
  author = {Jan B.F. van Erp and Maaike Duistermaat and Chris Jansen and Eric Groen and Marieka Hoedemaeker},
  booktitle = {Virtual Media for Military Applications},
  year = {2006},
  pages = {1-18},
  organization = {Meeting Proceedings RTO-MP-HFM-136, Paper 9},
}

@book{Sheridan1992,
  title={Telerobotics, automation, and human supervisory control},
  author={Sheridan, T.B.},
  isbn={9780262193160},
  lccn={lc92002666},
  _url={http://books.google.nl/books?id=eu41\_M2Do9oC},
  year={1992},
  publisher={MIT Press},
}

@article{Goodrich2007,
  title = {Human-Robot Interaction: A Survey},
  author = {Michael A. Goodrich and Alan C. Schultz},
  journal = {Foundation and Trends in Human-Computer Interaction},
  volume = 1,
  number = 3,
  year = 2007,
  pages = {203 -- 275},
}

@inproceedings{Goza2004,
 author = {Goza, S. M. and Ambrose, R. O. and Diftler, M. A. and Spain, I. M.},
 title = {Telepresence control of the NASA/DARPA robonaut on a mobility platform},
 booktitle = {Proceedings of the SIGCHI conference on Human factors in computing systems},
 series = {CHI '04},
 year = {2004},
 isbn = {1-58113-702-8},
 location = {Vienna, Austria},
 pages = {623--629},
 numpages = {7},
 _url = {http://doi.acm.org/10.1145/985692.985771},
 doi = {http://doi.acm.org/10.1145/985692.985771},
 acmid = {985771},
 publisher = {ACM},
 address = {New York, NY, USA},
 keywords = {humanoid robot, teleoperation, telepresence},
} 

@inproceedings{Broccia2011,
  author    = {Giuseppe Broccia and
               Marco Livesu and
               Riccardo Scateni},
  title     = {Gestural Interaction for Robot Motion Control},
  booktitle = {Eurographics Italian Chapter Conference},
  year      = {2011},
  pages     = {61-66},
  ee        = {http://dx.doi.org/10.2312/LocalChapterEvents/ItalChap/ItalianChapConf2011/061-066},
  _crossref  = {DBLP:conf/egItaly/2011},
  bibsource = {DBLP, http://dblp.uni-trier.de}
}

@inproceedings{Suay2011,
 author = {Suay, Halit Bener and Chernova, Sonia},
 title = {Humanoid robot control using depth camera},
 booktitle = {Proceedings of the 6th international conference on Human-robot interaction (HRI'11)},
 _series = {HRI '11},
 year = {2011},
 isbn = {978-1-4503-0561-7},
 location = {Lausanne, Switzerland},
 pages = {401--402},
 numpages = {2},
 _url = {http://doi.acm.org/10.1145/1957656.1957802},
 doi = {http://doi.acm.org/10.1145/1957656.1957802},
 acmid = {1957802},
 publisher = {ACM},
 address = {New York, NY, USA},
 keywords = {control, depth camera, human-robot interaction, humanoid, interface, robotics, robots, teleoperation},
 _note = {Note the video submission at \url{http://dl.acm.org/citation.cfm?id=1957802&preflayout=flat#formats}.},
 note = {Note the video submission at \url{http://dl.acm.org}.},
} 

@incollection {Asfour2008,
   author = {Asfour, Tamim and Welke, Kai and Ude, Ale\v{s} and Azad, Pedram and Dillmann, R\"{u}diger},
   affiliation = {University of Karlsruhe Institute for Computer Science and Engineering D-76128 Karlsruhe Germany},
   title = {Perceiving Objects and Movements to Generate Actions on a Humanoid Robot},
   booktitle = {Unifying Perspectives in Computational and Robot Vision},
   series = {Lecture Notes in Electrical Engineering},
   editor = {Kragic, Danica and Kyrki, Ville},
   publisher = {Springer US},
   isbn = {978-0-387-75523-6},
   keyword = {Computer Science},
   pages = {41-55},
   volume = {8},
   _url = {http://dx.doi.org/10.1007/978-0-387-75523-6_4},
   _note = {10.1007/978-0-387-75523-6_4},
   year = {2008}
}

@inproceedings{Wainer2007,
    author = {Joshua Wainer and David Feil-Seifer and Dylan A. Shell and Maja J. Matari\'{c}},
    title =  "Embodiment and Human-Robot Interaction: A Task-Based Perspective", 
	booktitle = "Proceedings, 16th IEEE International Workshop on Robot and Human Interactive Communication (RO-MAN 2007)", 
	location = { Jeju Island, South Korea},
	month = {Augustus},
    pages =	{26-29}, 
	year = 2007,
}

@inproceedings{Kidd2004,
    author = {C. D. Kidd and C. Breazeal},
	title = {Effect of a robot on userperceptions},
	booktitle = {IEEE/RSJ International Conferenceon Intelligent Robots and Systems}, 
	pages = {3559–3564},
	location = {Sendai, Japan}, 
	month = {September},
	year = 2004,
}

@inproceedings{Koenig2010,
    author = {Nathan Koenig and Leila Takayama and Maja J. Matari\'{c}},
    title = {Learning from Demonstration: A Study of Visual and Auditory Communication and Influence Diagrams},
    booktitle ={International Symposium on Experimental Robotics (ISER)},
    month = {December},
	year = 2010, 
	location = {Delhi, India},
	_url = {http://www.willowgarage.com/papers/learning-demonstration-study-visual-and-auditory-communication-and-influence-diagrams},
	_note = {Submitted. And accepted for oral presentation: \url{http://iser2010.grasp.upenn.edu/sites/iser2010/files/papers/ISER2010_0070_3a472b05c87983248960d897ffc3cf7b.pdf}},
}

@article{Shoemake1985,
 author = {Shoemake, Ken},
 title = {Animating rotation with quaternion curves},
 journal = {SIGGRAPH Comput. Graph.},
 volume = {19},
 number = {3},
 month = {July},
 year = {1985},
 issn = {0097-8930},
 pages = {245--254},
 numpages = {10},
 -url = {http://doi.acm.org/10.1145/325165.325242},
 doi = {http://doi.acm.org/10.1145/325165.325242},
 acmid = {325242},
 publisher = {ACM},
 address = {New York, NY, USA},
 keywords = {B\'{e}zier curve, B-spline, animation, approximation, in-betweening, interpolation, quaternion, rotation, spherical geometry, spline},
} 